<?xml version="1.0" encoding="UTF-8"?>
<collection xmlns:xsi="http://www.w3.org/2001/XMLSchema-instance" xsi:schemaLocation="http://www.loc.gov/MARC21/slim http://www.loc.gov/standards/marcxml/schema/MARC21slim.xsd" xmlns="http://www.loc.gov/MARC21/slim">
<record>
  <leader>00682cam a22002051  4500</leader>
  <controlfield tag="001">2979737</controlfield>
  <controlfield tag="003">NNC</controlfield>
  <controlfield tag="005">20130426004837.0</controlfield>
  <controlfield tag="008">010222s1872    tu            000 0 ara d</controlfield>
  <datafield tag="035" ind1=" " ind2=" ">
    <subfield code="a">(OCoLC)ocm46240585</subfield>
  </datafield>
  <datafield tag="035" ind1=" " ind2=" ">
    <subfield code="9">ASM6809CU</subfield>
  </datafield>
  <datafield tag="035" ind1=" " ind2=" ">
    <subfield code="a">(NNC)2979737</subfield>
  </datafield>
  <datafield tag="040" ind1=" " ind2=" ">
    <subfield code="a">ZCU</subfield>
    <subfield code="c">ZCU</subfield>
  </datafield>
  <datafield tag="090" ind1=" " ind2=" ">
    <subfield code="a">PJ6131</subfield>
    <subfield code="b">.I9</subfield>
  </datafield>
  <datafield tag="100" ind1="0" ind2=" ">
    <subfield code="a">Ibrāhīm ibn Ismāʻīl,</subfield>
    <subfield code="d">active 19th century.</subfield>
  </datafield>
  <datafield tag="245" ind1="1" ind2="0">
    <subfield code="a">Tafsīl [el-telīf fī tavẓīḥ mesail el-taṣrīf]</subfield>
    <subfield code="c">el-Hac İbrahimin eser-i hame-i ācizane-sidir.</subfield>
  </datafield>
  <datafield tag="260" ind1=" " ind2=" ">
    <subfield code="a">[İstanbul,</subfield>
    <subfield code="b">Matbaa-i Amire,</subfield>
    <subfield code="c">1289 h., 1872]</subfield>
  </datafield>
  <datafield tag="300" ind1=" " ind2=" ">
    <subfield code="a">346 p.</subfield>
  </datafield>
  <datafield tag="500" ind1=" " ind2=" ">
    <subfield code="a">Author was in the service of Sultan ʻAbduʹl-ʻAzīz ibn Maḥmud.</subfield>
  </datafield>
  <datafield tag="955" ind1=" " ind2=" ">
    <subfield code="b">0315317447</subfield>
    <subfield code="d">glx</subfield>
    <subfield code="e">PJ6131 .I9</subfield>
  </datafield>
</record>
</collection>